@inproceedings{Augustin:2009,
 author = {Augustin, Brice and Krishnamurthy, Balachander and Willinger, Walter},
 title = {IXPs: mapped?},
 booktitle = {Proceedings of the 9th ACM SIGCOMM conference on Internet measurement conference},
 series = {IMC '09},
 year = {2009},
 isbn = {978-1-60558-771-4},
 location = {Chicago, Illinois, USA},
 pages = {336--349},
 numpages = {14},
 url = {http://doi.acm.org/10.1145/1644893.1644934},
 doi = {10.1145/1644893.1644934},
 acmid = {1644934},
 publisher = {ACM},
 address = {New York, NY, USA},
 keywords = {ixp, peering, traceroute},
} 
@inproceedings{Sanchez:2011,
 author = {S\'{a}nchez, Mario A. and Otto, John S. and Bischof, Zachary S. and Bustamante, Fabi\'{a}n E.},
 title = {Dasu - ISP characterization from the edge: a BitTorrent implementation},
 booktitle = {Proceedings of the ACM SIGCOMM 2011 conference},
 series = {SIGCOMM '11},
 year = {2011},
 isbn = {978-1-4503-0797-0},
 location = {Toronto, Ontario, Canada},
 pages = {454--455},
 numpages = {2},
 url = {http://doi.acm.org/10.1145/2018436.2018517},
 doi = {10.1145/2018436.2018517},
 acmid = {2018517},
 publisher = {ACM},
 address = {New York, NY, USA},
 keywords = {broadband access networks, characterization, isp},
} 
